@article{Bode:2009mt,
      author         = "Bode, Tanja and Haas, Roland and Bogdanovic, Tamara and
                        Laguna, Pablo and Shoemaker, Deirdre",
      title          = "{Relativistic Mergers of Supermassive Black Holes and
                        their Electromagnetic Signatures}",
      journal        = "Astrophys.J.",
      volume         = "715",
      pages          = "1117-1131",
      doi            = "10.1088/0004-637X/715/2/1117",
      year           = "2010",
      eprint         = "0912.0087",
      archivePrefix  = "arXiv",
      primaryClass   = "gr-qc",
      SLACcitation   = "%%CITATION = ARXIV:0912.0087;%%",
}

@article{Haas:2012bk,
      author         = "Haas, Roland and Shcherbakov, Roman V. and Bode, Tanja
                        and Laguna, Pablo",
      title          = "{Tidal Disruptions of White Dwarfs from Ultra-Close
                        Encounters with Intermediate Mass Spinning Black Holes}",
      journal        = "Astrophys.J.",
      volume         = "749",
      pages          = "117",
      doi            = "10.1088/0004-637X/749/2/117",
      year           = "2012",
      eprint         = "1201.4389",
      archivePrefix  = "arXiv",
      primaryClass   = "astro-ph.HE",
      SLACcitation   = "%%CITATION = ARXIV:1201.4389;%%",
}

@ARTICLE{1988Natur.333..523R,
   author = {{Rees}, M.~J.},
    title = "{Tidal disruption of stars by black holes of 10 to the 6th-10 to the 8th solar masses in nearby galaxies}",
  journal = {Nature},
 keywords = {ACTIVE GALACTIC NUCLEI, BLACK HOLES (ASTRONOMY), STELLAR MASS, QUASARS, RED SHIFT, STAR DISTRIBUTION, STELLAR FLARES, TIDES},
     year = 1988,
    month = jun,
   volume = 333,
    pages = {523-528},
      doi = {10.1038/333523a0},
   adsurl = {http://adsabs.harvard.edu/abs/1988Natur.333..523R},
  adsnote = {Provided by the SAO/NASA Astrophysics Data System}
}

@article{Haas:2007kz,
      author         = "Haas, Roland",
      title          = "{Scalar self-force on eccentric geodesics in
                        Schwarzschild spacetime: A Time-domain computation}",
      journal        = "Phys.Rev.",
      volume         = "D75",
      pages          = "124011",
      doi            = "10.1103/PhysRevD.75.124011",
      year           = "2007",
      eprint         = "0704.0797",
      archivePrefix  = "arXiv",
      primaryClass   = "gr-qc",
      SLACcitation   = "%%CITATION = ARXIV:0704.0797;%%",
}

@article{Ryan:1995xi,
      author         = "Ryan, Fintan D.",
      title          = "{Effect of gravitational radiation reaction on
                        nonequatorial orbits around a Kerr black hole}",
      journal        = "Phys.Rev.",
      volume         = "D53",
      pages          = "3064-3069",
      doi            = "10.1103/PhysRevD.53.3064",
      year           = "1996",
      eprint         = "gr-qc/9511062",
      archivePrefix  = "arXiv",
      primaryClass   = "gr-qc",
      SLACcitation   = "%%CITATION = GR-QC/9511062;%%",
}

@article{Ott:2012mr,
      author         = "Ott, C.D. and Abdikamalov, E. and Moesta, P. and Haas, R.
                        and Drasco, S. and others",
      title          = "{General-Relativistic Simulations of Three-Dimensional
                        Core-Collapse Supernovae}",
      year           = "2012",
      eprint         = "1210.6674",
      archivePrefix  = "arXiv",
      primaryClass   = "astro-ph.HE",
      SLACcitation   = "%%CITATION = ARXIV:1210.6674;%%",
}

@article{Hinderer:2009ca,
      author         = "Hinderer, Tanja and Lackey, Benjamin D. and Lang, Ryan N.
                        and Read, Jocelyn S.",
      title          = "{Tidal deformability of neutron stars with realistic
                        equations of state and their gravitational wave signatures
                        in binary inspiral}",
      journal        = "Phys.Rev.",
      volume         = "D81",
      pages          = "123016",
      doi            = "10.1103/PhysRevD.81.123016",
      year           = "2010",
      eprint         = "0911.3535",
      archivePrefix  = "arXiv",
      primaryClass   = "astro-ph.HE",
      SLACcitation   = "%%CITATION = ARXIV:0911.3535;%%",
}

@article{Loffler:2011ay,
      author         = {L\"offler, Frank and Faber, Joshua and Bentivegna, Eloisa
                        and Bode, Tanja and Diener, Peter and others},
      title          = "{The Einstein Toolkit: A Community Computational
                        Infrastructure for Relativistic Astrophysics}",
      journal        = "Class.Quant.Grav.",
      volume         = "29",
      pages          = "115001",
      doi            = "10.1088/0264-9381/29/11/115001",
      year           = "2012",
      eprint         = "1111.3344",
      archivePrefix  = "arXiv",
      primaryClass   = "gr-qc",
      SLACcitation   = "%%CITATION = ARXIV:1111.3344;%%",
}

@article{Sekiguchi:2011zd,
      author         = "Sekiguchi, Yuichiro and Kiuchi, Kenta and Kyutoku,
                        Koutarou and Shibata, Masaru",
      title          = "{Gravitational waves and neutrino emission from the
                        merger of binary neutron stars}",
      journal        = "Phys.Rev.Lett.",
      volume         = "107",
      pages          = "051102",
      doi            = "10.1103/PhysRevLett.107.051102",
      year           = "2011",
      eprint         = "1105.2125",
      archivePrefix  = "arXiv",
      primaryClass   = "gr-qc",
      SLACcitation   = "%%CITATION = ARXIV:1105.2125;%%",
}

@article{Oechslin:2006uk,
      author         = "Oechslin, Roland and Janka, H.-T. and Marek, A.",
      title          = "{Relativistic neutron star merger simulations with
                        non-zero temperature equations of state. 1. Variation of
                        binary parameters and equation of state}",
      journal        = "Astron.Astrophys.",
      year           = "2006",
      eprint         = "astro-ph/0611047",
      archivePrefix  = "arXiv",
      primaryClass   = "astro-ph",
      SLACcitation   = "%%CITATION = ASTRO-PH/0611047;%%",
}

@article{Read:2009yp,
      author         = "Read, Jocelyn S. and Markakis, Charalampos and Shibata,
                        Masaru and Uryu, Koji and Creighton, Jolien D.E. and
                        others",
      title          = "{Measuring the neutron star equation of state with
                        gravitational wave observations}",
      journal        = "Phys.Rev.",
      volume         = "D79",
      pages          = "124033",
      doi            = "10.1103/PhysRevD.79.124033",
      year           = "2009",
      eprint         = "0901.3258",
      archivePrefix  = "arXiv",
      primaryClass   = "gr-qc",
      SLACcitation   = "%%CITATION = ARXIV:0901.3258;%%",
}

@article{Anderson:2007km,
      author         = "Anderson, Warren G. and Creighton, Jolien D.E.",
      title          = "{Searches for Gravitational Waves from Binary Neutron
                        Stars: A Review}",
      year           = "2007",
      eprint         = "0712.2523",
      archivePrefix  = "arXiv",
      primaryClass   = "gr-qc",
      SLACcitation   = "%%CITATION = ARXIV:0712.2523;%%",
}

@article{Tauris:2003pf,
      author         = "Tauris, Thomas M. and van den Heuvel, Ed P.J.",
      title          = "{Formation and evolution of compact stellar x-ray
                        sources}",
      journal        = "To appear in the book 'Compact Stellar X-Ray Sources'",
      year           = "2003",
      eprint         = "astro-ph/0303456",
      archivePrefix  = "arXiv",
      primaryClass   = "astro-ph",
      SLACcitation   = "%%CITATION = ASTRO-PH/0303456;%%",
}

@article{Hotokezaka:2011dh,
      author         = "Hotokezaka, Kenta and Kyutoku, Koutarou and Okawa,
                        Hirotada and Shibata, Masaru and Kiuchi, Kenta",
      title          = "{Binary Neutron Star Mergers: Dependence on the Nuclear
                        Equation of State}",
      journal        = "Phys.Rev.",
      volume         = "D83",
      pages          = "124008",
      doi            = "10.1103/PhysRevD.83.124008",
      year           = "2011",
      eprint         = "1105.4370",
      archivePrefix  = "arXiv",
      primaryClass   = "astro-ph.HE",
      SLACcitation   = "%%CITATION = ARXIV:1105.4370;%%",
}

@ARTICLE{Hulse:1975,
   author = {{Hulse}, R.~A. and {Taylor}, J.~H.},
    title = "{Discovery of a pulsar in a binary system}",
  journal = {Astrophysical Journal Letters},
 keywords = {BINARY STARS, ORBITAL ELEMENTS, PULSARS, RELATIVISTIC EFFECTS, BLACK HOLES (ASTRONOMY), COMPANION STARS, ECCENTRIC ORBITS, MASS RATIOS, NEUTRON STARS, RADIAL VELOCITY, VELOCITY DISTRIBUTION},
     year = 1975,
    month = jan,
   volume = 195,
    pages = {L51-L53},
   adsurl = {http://adsabs.harvard.edu/abs/1975ApJ...195L..51H},
  adsnote = {Provided by the SAO/NASA Astrophysics Data System}
}

@article{Faber:2012rw,
      author         = "Faber, Joshua A. and Rasio, Frederic A.",
      title          = "{Binary Neutron Star Mergers}",
      journal        = "Living Rev.Rel.",
      volume         = "15",
      pages          = "8",
      year           = "2012",
      eprint         = "1204.3858",
      archivePrefix  = "arXiv",
      primaryClass   = "gr-qc",
      SLACcitation   = "%%CITATION = ARXIV:1204.3858;%%",
}

@article{Bernuzzi:2012ci,
      author         = "Bernuzzi, Sebastiano and Nagar, Alessandro and
                        Thierfelder, Marcus and Brugmann, Bernd",
      title          = "{Tidal effects in binary neutron star coalescence}",
      journal        = "Phys.Rev.",
      volume         = "D86",
      pages          = "044030",
      doi            = "10.1103/PhysRevD.86.044030",
      year           = "2012",
      eprint         = "1205.3403",
      archivePrefix  = "arXiv",
      primaryClass   = "gr-qc",
      SLACcitation   = "%%CITATION = ARXIV:1205.3403;%%",
}

@article{Giacomazzo:2011cv,
      author         = "Giacomazzo, Bruno and Rezzolla, Luciano and Stergioulas,
                        Nikolaos",
      title          = "{Collapse of differentially rotating neutron stars and
                        cosmic censorship}",
      journal        = "Phys.Rev.",
      volume         = "D84",
      pages          = "024022",
      doi            = "10.1103/PhysRevD.84.024022",
      year           = "2011",
      eprint         = "1105.0122",
      archivePrefix  = "arXiv",
      primaryClass   = "gr-qc",
      SLACcitation   = "%%CITATION = ARXIV:1105.0122;%%",
}

@article{Giacomazzo:2010bx,
      author         = "Giacomazzo, Bruno and Rezzolla, Luciano and Baiotti,
                        Luca",
      title          = "{Accurate evolutions of inspiralling and magnetized
                        neutron-stars: Equal-mass binaries}",
      journal        = "Phys.Rev.",
      volume         = "D83",
      pages          = "044014",
      doi            = "10.1103/PhysRevD.83.044014",
      year           = "2011",
      eprint         = "1009.2468",
      archivePrefix  = "arXiv",
      primaryClass   = "gr-qc",
      SLACcitation   = "%%CITATION = ARXIV:1009.2468;%%",
}

@article{Baiotti:2011am,
      author         = "Baiotti, Luca and Damour, Thibault and Giacomazzo, Bruno
                        and Nagar, Alessandro and Rezzolla, Luciano",
      title          = "{Accurate numerical simulations of inspiralling binary
                        neutron stars and their comparison with effective-one-body
                        analytical models}",
      journal        = "Phys.Rev.",
      volume         = "D84",
      pages          = "024017",
      doi            = "10.1103/PhysRevD.84.024017",
      year           = "2011",
      eprint         = "1103.3874",
      archivePrefix  = "arXiv",
      primaryClass   = "gr-qc",
      SLACcitation   = "%%CITATION = ARXIV:1103.3874;%%",
}

@article{East:2012ww,
      author         = "East, William E. and Pretorius, Frans",
      title          = "{Dynamical Capture Binary Neutron Star Mergers}",
      journal        = "Astrophys.J.",
      volume         = "760",
      pages          = "L4",
      doi            = "10.1088/2041-8205/760/1/L4",
      year           = "2012",
      eprint         = "1208.5279",
      archivePrefix  = "arXiv",
      primaryClass   = "astro-ph.HE",
      SLACcitation   = "%%CITATION = ARXIV:1208.5279;%%",
}

@article{Foucart:2012vn,
      author         = "Foucart, Francois and Deaton, M. Brett and Duez, Matthew
                        D. and Kidder, Lawrence E. and MacDonald, Ilana and
                        others",
      title          = "{Black hole-neutron star mergers at realistic mass
                        ratios: Equation of state and spin orientation effects}",
      year           = "2012",
      eprint         = "1212.4810",
      archivePrefix  = "arXiv",
      primaryClass   = "gr-qc",
      SLACcitation   = "%%CITATION = ARXIV:1212.4810;%%",
}

@ARTICLE{1999ApJ...525L.121F,
   author = {{Freiburghaus}, C. and {Rosswog}, S. and {Thielemann}, F.-K.
	},
    title = "{R-Process in Neutron Star Mergers}",
  journal = {\apjl},
 keywords = {NUCLEAR REACTIONS, NUCLEOSYNTHESIS, ABUNDANCES, STARS: NEUTRON},
     year = 1999,
    month = nov,
   volume = 525,
    pages = {L121-L124},
      doi = {10.1086/312343},
   adsurl = {http://adsabs.harvard.edu/abs/1999ApJ...525L.121F},
  adsnote = {Provided by the SAO/NASA Astrophysics Data System}
}

@article{Roberts:2010wh,
      author         = "Roberts, L.F. and Woosley, S.E. and Hoffman, R.D.",
      title          = "{Integrated Nucleosynthesis in Neutrino Driven Winds}",
      journal        = "Astrophys.J.",
      volume         = "722",
      pages          = "954-967",
      doi            = "10.1088/0004-637X/722/1/954",
      year           = "2010",
      eprint         = "1004.4916",
      archivePrefix  = "arXiv",
      primaryClass   = "astro-ph.HE",
      SLACcitation   = "%%CITATION = ARXIV:1004.4916;%%",
}

@misc{Ott:2012bl,
    key    = {Blowing Up Stars},
    author = "Christian D. Ott",
    title  = "General Relativistic Simulations of Three-Dimensional
              Core-Collapse Supernovae (arXiv:1210.6674) -- Meet the Team!",
    note = {\url{http://blowingupstars.blogspot.com/2012/11/general-relativistic-simulations-of.html}},
}
    
@misc{advLIGO:web,
    key    = {advLIGO},
    title  = "{AdLIGO Upgrades}",
    note = {\url{https://www.advancedligo.mit.edu/summary.html}},
}

@ARTICLE{2008ApJ...678.1207I,
   author = {{Iwakami}, W. and {Kotake}, K. and {Ohnishi}, N. and {Yamada}, S. and 
	{Sawada}, K.},
    title = "{Three-Dimensional Simulations of Standing Accretion Shock Instability in Core-Collapse Supernovae}",
  journal = {\apj},
archivePrefix = "arXiv",
   eprint = {0710.2191},
 keywords = {Hydrodynamics, Instabilities, Neutrinos, Stars: Supernovae: General},
     year = 2008,
    month = may,
   volume = 678,
    pages = {1207-1222},
      doi = {10.1086/533582},
   adsurl = {http://adsabs.harvard.edu/abs/2008ApJ...678.1207I},
  adsnote = {Provided by the SAO/NASA Astrophysics Data System}
}

@InProceedings{Goodale:2002a,
  suggested-for ={Cactus/Cactus},
  author =       {Tom Goodale and Gabrielle Allen and Gerd Lanfermann
                  and Joan Mass{\'o} and Thomas Radke and Edward
                  Seidel and John Shalf},
  title =        {The {Cactus} Framework and Toolkit: Design and
                  Applications},
  booktitle =    {Vector and Parallel Processing -- VECPAR'2002, 5th
                  International Conference, Lecture Notes in Computer
                  Science},
  year =         2003,
  address =      {Berlin},
  publisher =    {Springer},
  url =          {http://edoc.mpg.de/3341},
}

@Misc{Cactuscode:web,
  suggested-for ={Cactus/Cactus},
  title =        {{Cactus Computational Toolkit}},
  key =       {Cactus developers},
  note =          {\url{http://www.cactuscode.org/}}
}

@misc{SXS:web,
    key    = {SXS},
    title  = "{Simulating eXtreme Spacetimes --- A Caltech-Cornell Project}",
    note = {\url{http://www.black-holes.org/}},
}

@misc{astrocodelib:web,
    key    = {astrocodelib},
    title  = "{The Engineering Deck: Astrophysics Source Code Library}",
    note = {\url{http://asterisk.apod.com/viewforum.php?f=35}},
}


@misc{SURF:web,
    key    = {SURF},
    title  = "{Summer Undergraduate Research Fellowship}",
    note = {\url{http://http://www.surf.caltech.edu/}},
}

@article{all:mpmhdnu,
      author         = {Roland Haas and Ernazar Abdikamalov and Christian D.
          Ott and David Radice and Christian Reisswig and Philip M{\"o}sta and
          Erik Schnetter},
      note           = "In preparation",
}

@article{Babiuc:2007vr,
      author         = "Babiuc, M.C. and Husa, S. and Alic, D. and Hinder, I. and
                        Lechner, C. and others",
      title          = "{Implementation of standard testbeds for numerical
                        relativity}",
      journal        = "Class.Quant.Grav.",
      volume         = "25",
      pages          = "125012",
      doi            = "10.1088/0264-9381/25/12/125012",
      year           = "2008",
      eprint         = "0709.3559",
      archivePrefix  = "arXiv",
      primaryClass   = "gr-qc",
      SLACcitation   = "%%CITATION = ARXIV:0709.3559;%%",
}

@article{Baiotti:2010ka,
      author         = "Baiotti, Luca and Shibata, Masaru and Yamamoto, Tetsuro",
      title          = "{Binary neutron-star mergers with Whisky and SACRA: First
                        quantitative comparison of results from independent
                        general-relativistic hydrodynamics codes}",
      journal        = "Phys.Rev.",
      volume         = "D82",
      pages          = "064015",
      doi            = "10.1103/PhysRevD.82.064015",
      year           = "2010",
      eprint         = "1007.1754",
      archivePrefix  = "arXiv",
      primaryClass   = "gr-qc",
      SLACcitation   = "%%CITATION = ARXIV:1007.1754;%%",
}

@article{Pollney:2009yz,
      author         = "Pollney, Denis and Reisswig, Christian and Schnetter,
                        Erik and Dorband, Nils and Diener, Peter",
      title          = "{High accuracy binary black hole simulations with an
                        extended wave zone}",
      journal        = "Phys.Rev.",
      volume         = "D83",
      pages          = "044045",
      doi            = "10.1103/PhysRevD.83.044045",
      year           = "2011",
      eprint         = "0910.3803",
      archivePrefix  = "arXiv",
      primaryClass   = "gr-qc",
      SLACcitation   = "%%CITATION = ARXIV:0910.3803;%%",
}

@article{AmaroSeoane:2012je,
      author         = "Amaro-Seoane, Pau and Aoudia, Sofiane and Babak,
                        Stanislav and Binetruy, Pierre and Berti, Emanuele and
                        others",
      title          = "{Low-frequency gravitational-wave science with
                        eLISA/NGO}",
      journal        = "Class.Quant.Grav.",
      volume         = "29",
      pages          = "124016",
      doi            = "10.1088/0264-9381/29/12/124016",
      year           = "2012",
      eprint         = "1202.0839",
      archivePrefix  = "arXiv",
      primaryClass   = "gr-qc",
      SLACcitation   = "%%CITATION = ARXIV:1202.0839;%%",
}

@article{Thornburg:2004dv,
      author         = "Thornburg, Jonathan",
      title          = "{Black hole excision with multiple grid patches}",
      journal        = "Class.Quant.Grav.",
      volume         = "21",
      pages          = "3665-3692",
      doi            = "10.1088/0264-9381/21/15/004",
      year           = "2004",
      eprint         = "gr-qc/0404059",
      archivePrefix  = "arXiv",
      primaryClass   = "gr-qc",
      reportNumber   = "AEI-2004-032",
      SLACcitation   = "%%CITATION = GR-QC/0404059;%%",
}

@ARTICLE{1997MNRAS.284..318S,
   author = {{Sigurdsson}, S. and {Rees}, M.~J.},
    title = "{Capture of stellar mass compact objects by massive black holes in galactic cusps}",
  journal = {\mnras},
   eprint = {arXiv:astro-ph/9608093},
 keywords = {BLACK HOLE PHYSICS, GALAXIES: NUCLEI.},
     year = 1997,
    month = jan,
   volume = 284,
    pages = {318-326},
   adsurl = {http://adsabs.harvard.edu/abs/1997MNRAS.284..318S},
  adsnote = {Provided by the SAO/NASA Astrophysics Data System}
}

@ARTICLE{2000ApJ...545..847M,
   author = {{Miralda-Escud{\'e}}, J. and {Gould}, A.},
    title = "{A Cluster of Black Holes at the Galactic Center}",
  journal = {\apj},
   eprint = {arXiv:astro-ph/0003269},
 keywords = {Black Hole Physics, Galaxy: Center, Galaxy: Kinematics and Dynamics},
     year = 2000,
    month = dec,
   volume = 545,
    pages = {847-853},
      doi = {10.1086/317837},
   adsurl = {http://adsabs.harvard.edu/abs/2000ApJ...545..847M},
  adsnote = {Provided by the SAO/NASA Astrophysics Data System}
}

@ARTICLE{2006ApJ...649...91F,
   author = {{Freitag}, M. and {Amaro-Seoane}, P. and {Kalogera}, V.},
    title = "{Stellar Remnants in Galactic Nuclei: Mass Segregation}",
  journal = {\apj},
   eprint = {arXiv:astro-ph/0603280},
 keywords = {Black Hole Physics, Galaxies: Nuclei, Galaxies: Star Clusters, Gravitational Waves, Methods: n-Body Simulations, Stellar Dynamics},
     year = 2006,
    month = sep,
   volume = 649,
    pages = {91-117},
      doi = {10.1086/506193},
   adsurl = {http://adsabs.harvard.edu/abs/2006ApJ...649...91F},
  adsnote = {Provided by the SAO/NASA Astrophysics Data System}
}

@ARTICLE{2006ApJ...645.1152H,
   author = {{Hopman}, C. and {Alexander}, T.},
    title = "{Resonant Relaxation near a Massive Black Hole: The Stellar Distribution and Gravitational Wave Sources}",
  journal = {\apj},
   eprint = {arXiv:astro-ph/0601161},
 keywords = {Black Hole Physics, Galaxy: Center, Gravitational Waves, Stellar Dynamics},
     year = 2006,
    month = jul,
   volume = 645,
    pages = {1152-1163},
      doi = {10.1086/504400},
   adsurl = {http://adsabs.harvard.edu/abs/2006ApJ...645.1152H},
  adsnote = {Provided by the SAO/NASA Astrophysics Data System}
}

@ARTICLE{2007CQGra..24R.113A,
   author = {{Amaro-Seoane}, P. and {Gair}, J.~R. and {Freitag}, M. and {Miller}, M.~C. and 
	{Mandel}, I. and {Cutler}, C.~J. and {Babak}, S.},
    title = "{TOPICAL REVIEW: Intermediate and extreme mass-ratio inspirals---astrophysics, science applications and detection using LISA}",
  journal = {Classical and Quantum Gravity},
   eprint = {arXiv:astro-ph/0703495},
     year = 2007,
    month = sep,
   volume = 24,
    pages = {113},
      doi = {10.1088/0264-9381/24/17/R01},
   adsurl = {http://adsabs.harvard.edu/abs/2007CQGra..24R.113A},
  adsnote = {Provided by the SAO/NASA Astrophysics Data System}
}

@ARTICLE{2005ApJ...631L.117M,
   author = {{Miller}, M.~C. and {Freitag}, M. and {Hamilton}, D.~P. and 
	{Lauburg}, V.~M.},
    title = "{Binary Encounters with Supermassive Black Holes: Zero-Eccentricity LISA Events}",
  journal = {\apjl},
   eprint = {arXiv:astro-ph/0507133},
 keywords = {Stars: Binaries: General, Galaxies: Nuclei, Gravitational Waves, Relativity},
     year = 2005,
    month = oct,
   volume = 631,
    pages = {L117-L120},
      doi = {10.1086/497335},
   adsurl = {http://adsabs.harvard.edu/abs/2005ApJ...631L.117M},
  adsnote = {Provided by the SAO/NASA Astrophysics Data System}
}

@ARTICLE{2006ApJ...645L.133H,
   author = {{Hopman}, C. and {Alexander}, T.},
    title = "{The Effect of Mass Segregation on Gravitational Wave Sources near Massive Black Holes}",
  journal = {\apjl},
   eprint = {arXiv:astro-ph/0603324},
 keywords = {Black Hole Physics, Galaxy: Center, Gravitational Waves, Stellar Dynamics},
     year = 2006,
    month = jul,
   volume = 645,
    pages = {L133-L136},
      doi = {10.1086/506273},
   adsurl = {http://adsabs.harvard.edu/abs/2006ApJ...645L.133H},
  adsnote = {Provided by the SAO/NASA Astrophysics Data System}
}

@ARTICLE{2007MNRAS.379.1083G,
   author = {{G{\"u}rkan}, M.~A. and {Hopman}, C.},
    title = "{Resonant relaxation near a massive black hole: the dependence on eccentricity}",
  journal = {\mnras},
archivePrefix = "arXiv",
   eprint = {0704.2709},
 keywords = {black hole physics , stellar dynamics , celestial mechanics , Galaxy: centre , Galaxy: kinematics and dynamics},
     year = 2007,
    month = aug,
   volume = 379,
    pages = {1083-1088},
      doi = {10.1111/j.1365-2966.2007.11982.x},
   adsurl = {http://adsabs.harvard.edu/abs/2007MNRAS.379.1083G},
  adsnote = {Provided by the SAO/NASA Astrophysics Data System}
}

@Article{mino:97,
  title = {Gravitational radiation reaction to a particle motion},
  author = {Mino, Yasushi  and Sasaki, Misao  and Tanaka, Takahiro },
  journal = {Phys. Rev. D},
  volume = {55},
  number = {6},
  pages = {3457--3476},
  numpages = {19},
  year = {1997},
  month = {Mar},
  doi = {10.1103/PhysRevD.55.3457},
  publisher = {American Physical Society},
  eprint = {gr-qc/9606018}
}

@Article{quinn:97,
  title = {Axiomatic approach to electromagnetic and gravitational radiation reaction of particles in curved spacetime},
  author = {Quinn, Theodore C. and Wald, Robert M.},
  journal = {Phys. Rev. D},
  volume = {56},
  number = {6},
  pages = {3381--3394},
  numpages = {13},
  year = {1997},
  month = {Sep},
  doi = {10.1103/PhysRevD.56.3381},
  publisher = {American Physical Society},
  eprint = {gr-qc/9610053}
}

@Article{Barack:01,
     author    = "Barack, Leor and Mino, Yasushi and Nakano, Hiroyuki and
                  Ori, Amos and Sasaki, Misao",
     title     = "{Calculating the gravitational self force in Schwarzschild
                  spacetime}",
     journal   = "Phys. Rev. Lett.",
     volume    = "88",
     year      = "2002",
     pages     = "091101",
     eprint    = "gr-qc/0111001",
     archivePrefix = "arXiv",
     doi       = "10.1103/PhysRevLett.88.091101",
     SLACcitation  = "%%CITATION = GR-QC/0111001;%%"
}

@article{Barack:2007we,
      author         = "Barack, Leor and Golbourn, Darren A. and Sago, Norichika",
      title          = "{m-Mode Regularization Scheme for the Self Force in Kerr
                        Spacetime}",
      journal        = "Phys.Rev.",
      volume         = "D76",
      pages          = "124036",
      doi            = "10.1103/PhysRevD.76.124036",
      year           = "2007",
      eprint         = "0709.4588",
      archivePrefix  = "arXiv",
      primaryClass   = "gr-qc",
      SLACcitation   = "%%CITATION = ARXIV:0709.4588;%%",
}

@article{Pound:2012dk,
      author         = "Pound, Adam",
      title          = "{Nonlinear gravitational self-force. I. Field outside a
                        small body}",
      journal        = "Phys.Rev.",
      volume         = "D86",
      pages          = "084019",
      doi            = "10.1103/PhysRevD.86.084019",
      year           = "2012",
      eprint         = "1206.6538",
      archivePrefix  = "arXiv",
      primaryClass   = "gr-qc",
      SLACcitation   = "%%CITATION = ARXIV:1206.6538;%%",
}

@article{Gralla:2012db,
      author         = "Gralla, Samuel E.",
      title          = "{Second Order Gravitational Self Force}",
      journal        = "Phys.Rev.",
      volume         = "D85",
      pages          = "124011",
      doi            = "10.1103/PhysRevD.85.124011",
      year           = "2012",
      eprint         = "1203.3189",
      archivePrefix  = "arXiv",
      primaryClass   = "gr-qc",
      reportNumber   = "UMD-94-11",
      SLACcitation   = "%%CITATION = ARXIV:1203.3189;%%",
}

@article{Huerta:2012zy,
      author         = "Huerta, E.A. and Kumar, Prayush and Brown, Duncan A.",
      title          = "{Accurate modeling of intermediate-mass-ratio inspirals:
                        exploring the form of the self-force in the
                        intermediate-mass-ratio regime}",
      journal        = "Phys.Rev.",
      volume         = "D86",
      pages          = "024024",
      doi            = "10.1103/PhysRevD.86.024024",
      year           = "2012",
      eprint         = "1205.5562",
      archivePrefix  = "arXiv",
      primaryClass   = "gr-qc",
      SLACcitation   = "%%CITATION = ARXIV:1205.5562;%%",
}

@article{Diener:2011cc,
      author         = "Diener, Peter and Vega, Ian and Wardell, Barry and
                        Detweiler, Steven",
      title          = "{Self-consistent orbital evolution of a particle around a
                        Schwarzschild black hole}",
      journal        = "Phys.Rev.Lett.",
      volume         = "108",
      pages          = "191102",
      doi            = "10.1103/PhysRevLett.108.191102",
      year           = "2012",
      eprint         = "1112.4821",
      archivePrefix  = "arXiv",
      primaryClass   = "gr-qc",
      SLACcitation   = "%%CITATION = ARXIV:1112.4821;%%",
}

@article{Warburton:2011fk,
      author         = "Warburton, Niels and Akcay, Sarp and Barack, Leor and
                        Gair, Jonathan R. and Sago, Norichika",
      title          = "{Evolution of inspiral orbits around a Schwarzschild
                        black hole}",
      journal        = "Phys.Rev.",
      volume         = "D85",
      pages          = "061501",
      doi            = "10.1103/PhysRevD.85.061501",
      year           = "2012",
      eprint         = "1111.6908",
      archivePrefix  = "arXiv",
      primaryClass   = "gr-qc",
      SLACcitation   = "%%CITATION = ARXIV:1111.6908;%%",
}


@ARTICLE{Burrows:07b,
   author = {{Burrows}, A. and {Dessart}, L. and {Livne}, E. and {Ott}, C.~D. and 
	{Murphy}, J.},
    title = "{Simulations of Magnetically Driven Supernova and Hypernova Explosions in the Context of Rapid Rotation}",
  journal = {\apj},
     year = 2007,
    month = jul,
   volume = 664,
    pages = {416},
}

@ARTICLE{1985ApJ...295...14B,
   author = {{Bethe}, H.~A. and {Wilson}, J.~R.},
    title = "{Revival of a stalled supernova shock by neutrino heating}",
  journal = {\apj},
 keywords = {HEATING, NEUTRINOS, SHOCK WAVES, SUPERNOVAE, THERMALIZATION (ENERGY ABSORPTION), COMPUTATIONAL ASTROPHYSICS, EXPLOSIONS, NEUTRON STARS, PARTICLE COLLISIONS},
     year = 1985,
    month = aug,
   volume = 295,
    pages = {14-23},
      doi = {10.1086/163343},
   adsurl = {http://adsabs.harvard.edu/abs/1985ApJ...295...14B},
  adsnote = {Provided by the SAO/NASA Astrophysics Data System}
}

@ARTICLE{1990RvMP...62..801B,
   author = {{Bethe}, H.~A.},
    title = "{Supernova mechanisms}",
  journal = {Reviews of Modern Physics},
     year = 1990,
    month = oct,
   volume = 62,
    pages = {801-866},
      doi = {10.1103/RevModPhys.62.801},
   adsurl = {http://adsabs.harvard.edu/abs/1990RvMP...62..801B},
  adsnote = {Provided by the SAO/NASA Astrophysics Data System}
}

@ARTICLE{2007PhR...442...38J,
   author = {{Janka}, H.-T. and {Langanke}, K. and {Marek}, A. and {Mart{\'{\i}}nez-Pinedo}, G. and 
	{M{\"u}ller}, B.},
    title = "{Theory of core-collapse supernovae}",
  journal = {\physrep},
   eprint = {arXiv:astro-ph/0612072},
     year = 2007,
    month = apr,
   volume = 442,
    pages = {38-74},
      doi = {10.1016/j.physrep.2007.02.002},
   adsurl = {http://adsabs.harvard.edu/abs/2007PhR...442...38J},
  adsnote = {Provided by the SAO/NASA Astrophysics Data System}
}

@INPROCEEDINGS{1985nuas.conf..422W,
   author = {{Wilson}, J.~R.},
    title = "{Supernovae and Post-Collapse Behavior}",
booktitle = {Numerical Astrophysics},
     year = 1985,
   editor = {{Centrella}, J.~M. and {Leblanc}, J.~M. and {Bowers}, R.~L.},
    pages = {422},
   adsurl = {http://adsabs.harvard.edu/abs/1985nuas.conf..422W},
  adsnote = {Provided by the SAO/NASA Astrophysics Data System}
}

@article{Janka:2012wk,
      author         = "Janka, H. Thomas",
      title          = "{Explosion Mechanisms of Core-Collapse Supernovae}",
      year           = "2012",
      eprint         = "1206.2503",
      archivePrefix  = "arXiv",
      primaryClass   = "astro-ph.SR",
      SLACcitation   = "%%CITATION = ARXIV:1206.2503;%%",
}

@ARTICLE{2001PhRvD..63j4003L,
   author = {{Liebend{\"o}rfer}, M. and {Mezzacappa}, A. and {Thielemann}, F.-K.
	},
    title = "{Conservative general relativistic radiation hydrodynamics in spherical symmetry and comoving coordinates}",
  journal = {\prd},
   eprint = {arXiv:astro-ph/0012201},
 keywords = {Self-gravitating systems; continuous media and classical fields in curved spacetime, Reactive and radiative flows, Relativistic fluid dynamics, Radiative transfer; scattering},
     year = 2001,
    month = may,
   volume = 63,
   number = 10,
      eid = {104003},
    pages = {104003},
      doi = {10.1103/PhysRevD.63.104003},
   adsurl = {http://adsabs.harvard.edu/abs/2001PhRvD..63j4003L},
  adsnote = {Provided by the SAO/NASA Astrophysics Data System}
}

@ARTICLE{2002A&A...396..361R,
   author = {{Rampp}, M. and {Janka}, H.-T.},
    title = "{Radiation hydrodynamics with neutrinos. Variable Eddington factor method for core-collapse supernova simulations}",
  journal = {\aap},
   eprint = {arXiv:astro-ph/0203101},
 keywords = {stars: supernovae: general, elementary particles, hydrodynamics, neutrinos},
     year = 2002,
    month = dec,
   volume = 396,
    pages = {361-392},
      doi = {10.1051/0004-6361:20021398},
   adsurl = {http://adsabs.harvard.edu/abs/2002A%26A...396..361R},
  adsnote = {Provided by the SAO/NASA Astrophysics Data System}
}

@ARTICLE{2003ApJ...592..434T,
   author = {{Thompson}, T.~A. and {Burrows}, A. and {Pinto}, P.~A.},
    title = "{Shock Breakout in Core-Collapse Supernovae and Its Neutrino Signature}",
  journal = {\apj},
   eprint = {arXiv:astro-ph/0211194},
 keywords = {Neutrinos, Radiative Transfer, Stars: Supernovae: General},
     year = 2003,
    month = jul,
   volume = 592,
    pages = {434-456},
      doi = {10.1086/375701},
   adsurl = {http://adsabs.harvard.edu/abs/2003ApJ...592..434T},
  adsnote = {Provided by the SAO/NASA Astrophysics Data System}
}

@ARTICLE{2012ApJS..199...17S,
   author = {{Sumiyoshi}, K. and {Yamada}, S.},
    title = "{Neutrino Transfer in Three Dimensions for Core-collapse Supernovae. I. Static Configurations}",
  journal = {\apjs},
archivePrefix = "arXiv",
   eprint = {1201.2244},
 primaryClass = "astro-ph.HE",
 keywords = {methods: numerical, neutrinos, radiative transfer, stars: massive, stars: neutron, supernovae: general},
     year = 2012,
    month = mar,
   volume = 199,
      eid = {17},
    pages = {17},
      doi = {10.1088/0067-0049/199/1/17},
   adsurl = {http://adsabs.harvard.edu/abs/2012ApJS..199...17S},
  adsnote = {Provided by the SAO/NASA Astrophysics Data System}
}

@ARTICLE{2006A&A...450..345K,
   author = {{Kitaura}, F.~S. and {Janka}, H.-T. and {Hillebrandt}, W.},
    title = "{Explosions of O-Ne-Mg cores, the Crab supernova, and subluminous type II-P supernovae}",
  journal = {\aap},
   eprint = {arXiv:astro-ph/0512065},
 keywords = {stars: supernovae: general, stars: supernovae: individual: Crab, neutrinos, hydrodynamics, radiative transfer},
     year = 2006,
    month = apr,
   volume = 450,
    pages = {345-350},
      doi = {10.1051/0004-6361:20054703},
   adsurl = {http://adsabs.harvard.edu/abs/2006A%26A...450..345K},
  adsnote = {Provided by the SAO/NASA Astrophysics Data System}
}

@ARTICLE{2010PhRvL.104y1101H,
   author = {{H{\"u}depohl}, L. and {M{\"u}ller}, B. and {Janka}, H.-T. and 
	{Marek}, A. and {Raffelt}, G.~G.},
    title = "{Neutrino Signal of Electron-Capture Supernovae from Core Collapse to Cooling}",
  journal = {Physical Review Letters},
archivePrefix = "arXiv",
   eprint = {0912.0260},
 primaryClass = "astro-ph.SR",
 keywords = {Supernovae, Nucleosynthesis in novae, supernovae, and other explosive environments, Neutrino, muon, pion, and other elementary particles; cosmic rays, Neutron stars},
     year = 2010,
    month = jun,
   volume = 104,
   number = 25,
      eid = {251101},
    pages = {251101},
      doi = {10.1103/PhysRevLett.104.251101},
   adsurl = {http://adsabs.harvard.edu/abs/2010PhRvL.104y1101H},
  adsnote = {Provided by the SAO/NASA Astrophysics Data System}
}
@ARTICLE{1994ApJ...435..339H,
   author = {{Herant}, M. and {Benz}, W. and {Hix}, W.~R. and {Fryer}, C.~L. and 
	{Colgate}, S.~A.},
    title = "{Inside the supernova: A powerful convective engine}",
  journal = {\apj},
   eprint = {arXiv:astro-ph/9404024},
 keywords = {CARNOT CYCLE, CONVECTIVE HEAT TRANSFER, FLOW STABILITY, HYDRODYNAMICS, MASSIVE STARS, STELLAR EVOLUTION, STELLAR MODELS, SUPERNOVAE, MATHEMATICAL MODELS, NEUTRON STARS, STELLAR ENVELOPES, STELLAR INTERIORS},
     year = 1994,
    month = nov,
   volume = 435,
    pages = {339-361},
      doi = {10.1086/174817},
   adsurl = {http://adsabs.harvard.edu/abs/1994ApJ...435..339H},
  adsnote = {Provided by the SAO/NASA Astrophysics Data System}
}

@ARTICLE{1995ApJ...450..830B,
   author = {{Burrows}, A. and {Hayes}, J. and {Fryxell}, B.~A.},
    title = "{On the Nature of Core-Collapse Supernova Explosions}",
  journal = {\apj},
   eprint = {arXiv:astro-ph/9506061},
 keywords = {NUCLEAR REACTIONS, NUCLEOSYNTHESIS, ABUNDANCES, STARS: INTERIORS, STARS: SUPERNOVAE: GENERAL},
     year = 1995,
    month = sep,
   volume = 450,
    pages = {830},
      doi = {10.1086/176188},
   adsurl = {http://adsabs.harvard.edu/abs/1995ApJ...450..830B},
  adsnote = {Provided by the SAO/NASA Astrophysics Data System}
}

@ARTICLE{1996A&A...306..167J,
   author = {{Janka}, H.-T. and {Mueller}, E.},
    title = "{Neutrino heating, convection, and the mechanism of Type-II supernova explosions.}",
  journal = {\aap},
 keywords = {SUPERNOVAE: GENERAL, ELEMENTARY PARTICLES: NEUTRINOS, TURBULENCE, CONVECTION, SUPERNOVAE: INDIVIDUAL: SN 1987A},
     year = 1996,
    month = feb,
   volume = 306,
    pages = {167},
   adsurl = {http://adsabs.harvard.edu/abs/1996A%26A...306..167J},
  adsnote = {Provided by the SAO/NASA Astrophysics Data System}
}

@ARTICLE{2000ApJ...541.1033F,
   author = {{Fryer}, C.~L. and {Heger}, A.},
    title = "{Core-Collapse Simulations of Rotating Stars}",
  journal = {\apj},
   eprint = {arXiv:astro-ph/9907433},
 keywords = {Black Hole Physics, Convection, Hydrodynamics, Stars: Interiors, Stars: Rotation, Stars: Supernovae: General},
     year = 2000,
    month = oct,
   volume = 541,
    pages = {1033-1050},
      doi = {10.1086/309446},
   adsurl = {http://adsabs.harvard.edu/abs/2000ApJ...541.1033F},
  adsnote = {Provided by the SAO/NASA Astrophysics Data System}
}

@ARTICLE{2003ApJ...584..971B,
   author = {{Blondin}, J.~M. and {Mezzacappa}, A. and {DeMarino}, C.},
    title = "{Stability of Standing Accretion Shocks, with an Eye toward Core-Collapse Supernovae}",
  journal = {\apj},
   eprint = {arXiv:astro-ph/0210634},
 keywords = {Accretion, Accretion Disks, Hydrodynamics, Shock Waves, Stars: Supernovae: General, Turbulence},
     year = 2003,
    month = feb,
   volume = 584,
    pages = {971-980},
      doi = {10.1086/345812},
   adsurl = {http://adsabs.harvard.edu/abs/2003ApJ...584..971B},
  adsnote = {Provided by the SAO/NASA Astrophysics Data System}
}

@ARTICLE{2006ApJ...641.1018O,
   author = {{Ohnishi}, N. and {Kotake}, K. and {Yamada}, S.},
    title = "{Numerical Analysis of Standing Accretion Shock Instability with Neutrino Heating in Supernova Cores}",
  journal = {\apj},
   eprint = {arXiv:astro-ph/0509765},
 keywords = {Hydrodynamics, Instabilities, Neutrinos, Stars: Supernovae: General},
     year = 2006,
    month = apr,
   volume = 641,
    pages = {1018-1028},
      doi = {10.1086/500554},
   adsurl = {http://adsabs.harvard.edu/abs/2006ApJ...641.1018O},
  adsnote = {Provided by the SAO/NASA Astrophysics Data System}
}

@ARTICLE{2006A&A...457..963S,
   author = {{Scheck}, L. and {Kifonidis}, K. and {Janka}, H.-T. and {M{\"u}ller}, E.
	},
    title = "{Multidimensional supernova simulations with approximative neutrino transport. I. Neutron star kicks and the anisotropy of neutrino-driven explosions in two spatial dimensions}",
  journal = {\aap},
   eprint = {arXiv:astro-ph/0601302},
 keywords = {hydrodynamics, instabilities, radiative transfer, neutrinos, stars: supernovae: general, pulsars: general},
     year = 2006,
    month = oct,
   volume = 457,
    pages = {963-986},
      doi = {10.1051/0004-6361:20064855},
   adsurl = {http://adsabs.harvard.edu/abs/2006A%26A...457..963S},
  adsnote = {Provided by the SAO/NASA Astrophysics Data System}
}

@ARTICLE{2008ApJ...688.1159M,
   author = {{Murphy}, J.~W. and {Burrows}, A.},
    title = "{Criteria for Core-Collapse Supernova Explosions by the Neutrino Mechanism}",
  journal = {\apj},
archivePrefix = "arXiv",
   eprint = {0805.3345},
 keywords = {Hydrodynamics, Instabilities, Methods: Numerical, Shock Waves, Stars: Supernovae: General},
     year = 2008,
    month = dec,
   volume = 688,
    pages = {1159-1175},
      doi = {10.1086/592214},
   adsurl = {http://adsabs.harvard.edu/abs/2008ApJ...688.1159M},
  adsnote = {Provided by the SAO/NASA Astrophysics Data System}
}

@ARTICLE{2008ApJ...685.1069O,
   author = {{Ott}, C.~D. and {Burrows}, A. and {Dessart}, L. and {Livne}, E.
	},
    title = "{Two-Dimensional Multiangle, Multigroup Neutrino Radiation-Hydrodynamic Simulations of Postbounce Supernova Cores}",
  journal = {\apj},
archivePrefix = "arXiv",
   eprint = {0804.0239},
 keywords = {Hydrodynamics, Neutrinos, Radiative Transfer, Stars: Evolution, Stars: Neutron, Stars: Supernovae: General},
     year = 2008,
    month = oct,
   volume = 685,
    pages = {1069-1088},
      doi = {10.1086/591440},
   adsurl = {http://adsabs.harvard.edu/abs/2008ApJ...685.1069O},
  adsnote = {Provided by the SAO/NASA Astrophysics Data System}
}

@ARTICLE{2009ApJ...694..664M,
   author = {{Marek}, A. and {Janka}, H.-T.},
    title = "{Delayed Neutrino-Driven Supernova Explosions Aided by the Standing Accretion-Shock Instability}",
  journal = {\apj},
archivePrefix = "arXiv",
   eprint = {0708.3372},
 keywords = {hydrodynamics, neutrinos, supernovae: general},
     year = 2009,
    month = mar,
   volume = 694,
    pages = {664-696},
      doi = {10.1088/0004-637X/694/1/664},
   adsurl = {http://adsabs.harvard.edu/abs/2009ApJ...694..664M},
  adsnote = {Provided by the SAO/NASA Astrophysics Data System}
}

@ARTICLE{2012ApJ...761...72M,
   author = {{M{\"u}ller}, B. and {Janka}, H.-T. and {Heger}, A.},
    title = "{New Two-dimensional Models of Supernova Explosions by the Neutrino-heating Mechanism: Evidence for Different Instability Regimes in Collapsing Stellar Cores}",
  journal = {\apj},
archivePrefix = "arXiv",
   eprint = {1205.7078},
 primaryClass = "astro-ph.SR",
 keywords = {gravitation, hydrodynamics, instabilities, neutrinos, supernovae: general},
     year = 2012,
    month = dec,
   volume = 761,
      eid = {72},
    pages = {72},
      doi = {10.1088/0004-637X/761/1/72},
   adsurl = {http://adsabs.harvard.edu/abs/2012ApJ...761...72M},
  adsnote = {Provided by the SAO/NASA Astrophysics Data System}
}

@article{Kuroda:2012nc,
      author         = "Kuroda, Takami and Kotake, Kei and Takiwaki, Tomoya",
      title          = "{Fully General Relativistic Simulations of Core-Collapse
                        Supernovae with An Approximate Neutrino Transport}",
      journal        = "Astrophys.J.",
      volume         = "755",
      pages          = "11",
      doi            = "10.1088/0004-637X/755/1/11",
      year           = "2012",
      eprint         = "1202.2487",
      archivePrefix  = "arXiv",
      primaryClass   = "astro-ph.HE",
      SLACcitation   = "%%CITATION = ARXIV:1202.2487;%%",
}

@article{Nordhaus:2010uk,
      author         = "Nordhaus, J. and Burrows, A. and Almgren, A. and Bell,
                        J.",
      title          = "{Dimension as a Key to the Neutrino Mechanism of
                        Core-Collapse Supernova Explosions}",
      journal        = "Astrophys.J.",
      volume         = "720",
      pages          = "694-703",
      doi            = "10.1088/0004-637X/720/1/694",
      year           = "2010",
      eprint         = "1006.3792",
      archivePrefix  = "arXiv",
      primaryClass   = "astro-ph.SR",
      SLACcitation   = "%%CITATION = ARXIV:1006.3792;%%",
}
 
@article{Mueller:2012ak,
      author         = "Mueller, B. and Janka, H.-Th. and Heger, A.",
      title          = "{New Two-Dimensional Models of Supernova Explosions by
                        the Neutrino-Heating Mechanism: Evidence for Different
                        Instability Regimes in Collapsing Stellar Cores}",
      year           = "2012",
      eprint         = "1205.7078",
      archivePrefix  = "arXiv",
      primaryClass   = "astro-ph.SR",
      SLACcitation   = "%%CITATION = ARXIV:1205.7078;%%",
}

@ARTICLE{Blandford1977,
  author = {R. D. Blandford and R. L. Znajek},
  title = {Electromagnetic extraction of energy from Kerr black holes},
  journal ={MNRAS},
  year = {1977},
  volume = {179},
  pages = {433}
}

@article{Hotokezaka:2013mm,
      author         = "Hotokezaka, Kenta and Kyutoku, Koutarou and Shibata,
                        Masaru",
      title          = "{Exploring tidal effects of coalescing binary neutron
                        stars in numerical relativity}",
      year           = "2013",
      eprint         = "1301.3555",
      archivePrefix  = "arXiv",
      primaryClass   = "gr-qc",
      SLACcitation   = "%%CITATION = ARXIV:1301.3555;%%",
}
