Query Results from the ADS Database


Retrieved 15 abstracts, starting with number 1.  Total number selected: 15.

@ARTICLE{2013arXiv1307.3476V,
   author = {{Vega}, I. and {Wardell}, B. and {Diener}, P. and {Cupp}, S. and 
	{Haas}, R.},
    title = "{Scalar self-force for eccentric orbits around a Schwarzschild black hole}",
  journal = {ArXiv e-prints},
archivePrefix = "arXiv",
   eprint = {1307.3476},
 primaryClass = "gr-qc",
 keywords = {General Relativity and Quantum Cosmology},
     year = 2013,
    month = jul,
   adsurl = {http://adsabs.harvard.edu/abs/2013arXiv1307.3476V},
  adsnote = {Provided by the SAO/NASA Astrophysics Data System}
}

@ARTICLE{2013ApJ...769...85S,
   author = {{Shcherbakov}, R.~V. and {Pe'er}, A. and {Reynolds}, C.~S. and 
	{Haas}, R. and {Bode}, T. and {Laguna}, P.},
    title = "{GRB060218 as a Tidal Disruption of a White Dwarf by an Intermediate-mass Black Hole}",
  journal = {\apj},
archivePrefix = "arXiv",
   eprint = {1212.4837},
 primaryClass = "astro-ph.HE",
 keywords = {accretion, accretion disks, black hole physics, radiation mechanisms: general, supernovae: general, X-rays: bursts, X-rays: individual: GRB060218},
     year = 2013,
    month = jun,
   volume = 769,
      eid = {85},
    pages = {85},
      doi = {10.1088/0004-637X/769/2/85},
   adsurl = {http://adsabs.harvard.edu/abs/2013ApJ...769...85S},
  adsnote = {Provided by the SAO/NASA Astrophysics Data System}
}

@ARTICLE{2013ApJ...768..115O,
   author = {{Ott}, C.~D. and {Abdikamalov}, E. and {M{\"o}sta}, P. and {Haas}, R. and 
	{Drasco}, S. and {O'Connor}, E.~P. and {Reisswig}, C. and {Meakin}, C.~A. and 
	{Schnetter}, E.},
    title = "{General-relativistic Simulations of Three-dimensional Core-collapse Supernovae}",
  journal = {\apj},
archivePrefix = "arXiv",
   eprint = {1210.6674},
 primaryClass = "astro-ph.HE",
 keywords = {gravitation, gravitational waves, hydrodynamics, neutrinos, supernovae: general},
     year = 2013,
    month = may,
   volume = 768,
      eid = {115},
    pages = {115},
      doi = {10.1088/0004-637X/768/2/115},
   adsurl = {http://adsabs.harvard.edu/abs/2013ApJ...768..115O},
  adsnote = {Provided by the SAO/NASA Astrophysics Data System}
}

@ARTICLE{2013arXiv1304.7787R,
   author = {{Reisswig}, C. and {Ott}, C.~D. and {Abdikamalov}, E. and {Haas}, R. and 
	{Moesta}, P. and {Schnetter}, E.},
    title = "{Formation and Coalescence of Cosmological Supermassive Black Hole Binaries in Supermassive Star Collapse}",
  journal = {ArXiv e-prints},
archivePrefix = "arXiv",
   eprint = {1304.7787},
 primaryClass = "astro-ph.CO",
 keywords = {Astrophysics - Cosmology and Extragalactic Astrophysics, Astrophysics - High Energy Astrophysical Phenomena, General Relativity and Quantum Cosmology},
     year = 2013,
    month = apr,
   adsurl = {http://adsabs.harvard.edu/abs/2013arXiv1304.7787R},
  adsnote = {Provided by the SAO/NASA Astrophysics Data System}
}

@ARTICLE{2013arXiv1304.5544M,
   author = {{Moesta}, P. and {Mundim}, B.~C. and {Faber}, J.~A. and {Haas}, R. and 
	{Noble}, S.~C. and {Bode}, T. and {Loeffler}, F. and {Ott}, C.~D. and 
	{Reisswig}, C. and {Schnetter}, E.},
    title = "{GRHydro: A new open source general-relativistic magnetohydrodynamics code for the Einstein Toolkit}",
  journal = {ArXiv e-prints},
archivePrefix = "arXiv",
   eprint = {1304.5544},
 primaryClass = "gr-qc",
 keywords = {General Relativity and Quantum Cosmology},
     year = 2013,
    month = apr,
   adsurl = {http://adsabs.harvard.edu/abs/2013arXiv1304.5544M},
  adsnote = {Provided by the SAO/NASA Astrophysics Data System}
}

@ARTICLE{2013PhRvD..87d1501Z,
   author = {{Zimmerman}, P. and {Vega}, I. and {Poisson}, E. and {Haas}, R.
	},
    title = "{Self-force as a cosmic censor}",
  journal = {\prd},
archivePrefix = "arXiv",
   eprint = {1211.3889},
 primaryClass = "gr-qc",
 keywords = {Classical black holes, Singularities and cosmic censorship},
     year = 2013,
    month = feb,
   volume = 87,
   number = 4,
      eid = {041501},
    pages = {041501},
      doi = {10.1103/PhysRevD.87.041501},
   adsurl = {http://adsabs.harvard.edu/abs/2013PhRvD..87d1501Z},
  adsnote = {Provided by the SAO/NASA Astrophysics Data System}
}

@ARTICLE{2012arXiv1212.4837S,
   author = {{Shcherbakov}, R.~V. and {Pe'er}, A. and {Reynolds}, C.~S. and 
	{Haas}, R. and {Bode}, T. and {Laguna}, P.},
    title = "{GRB060218 as a Tidal Disruption of a White Dwarf by an Intermediate Mass Black Hole}",
  journal = {ArXiv e-prints},
archivePrefix = "arXiv",
   eprint = {1212.4837},
 primaryClass = "astro-ph.HE",
 keywords = {Astrophysics - High Energy Astrophysical Phenomena},
     year = 2012,
    month = dec,
   adsurl = {http://adsabs.harvard.edu/abs/2012arXiv1212.4837S},
  adsnote = {Provided by the SAO/NASA Astrophysics Data System}
}

@ARTICLE{2012arXiv1212.1191R,
   author = {{Reisswig}, C. and {Haas}, R. and {Ott}, C.~D. and {Abdikamalov}, E. and 
	{Moesta}, P. and {Pollney}, D. and {Schnetter}, E.},
    title = "{Three-Dimensional General-Relativistic Hydrodynamic Simulations of Binary Neutron Star Coalescence and Stellar Collapse with Multipatch Grids}",
  journal = {ArXiv e-prints},
archivePrefix = "arXiv",
   eprint = {1212.1191},
 primaryClass = "astro-ph.HE",
 keywords = {Astrophysics - High Energy Astrophysical Phenomena, General Relativity and Quantum Cosmology},
     year = 2012,
    month = dec,
   adsurl = {http://adsabs.harvard.edu/abs/2012arXiv1212.1191R},
  adsnote = {Provided by the SAO/NASA Astrophysics Data System}
}

@ARTICLE{2012arXiv1210.6674O,
   author = {{Ott}, C.~D. and {Abdikamalov}, E. and {Moesta}, P. and {Haas}, R. and 
	{Drasco}, S. and {O'Connor}, E. and {Reisswig}, C. and {Meakin}, C. and 
	{Schnetter}, E.},
    title = "{General-Relativistic Simulations of Three-Dimensional Core-Collapse Supernovae}",
  journal = {ArXiv e-prints},
archivePrefix = "arXiv",
   eprint = {1210.6674},
 primaryClass = "astro-ph.HE",
 keywords = {Astrophysics - High Energy Astrophysical Phenomena, General Relativity and Quantum Cosmology},
     year = 2012,
    month = oct,
   adsurl = {http://adsabs.harvard.edu/abs/2012arXiv1210.6674O},
  adsnote = {Provided by the SAO/NASA Astrophysics Data System}
}

@ARTICLE{2012PhRvD..86b4026O,
   author = {{Ott}, C.~D. and {Abdikamalov}, E. and {O'Connor}, E. and {Reisswig}, C. and 
	{Haas}, R. and {Kalmus}, P. and {Drasco}, S. and {Burrows}, A. and 
	{Schnetter}, E.},
    title = "{Correlated gravitational wave and neutrino signals from general-relativistic rapidly rotating iron core collapse}",
  journal = {\prd},
archivePrefix = "arXiv",
   eprint = {1204.0512},
 primaryClass = "astro-ph.HE",
 keywords = {Numerical relativity, Wave generation and sources, Gravitational-wave astrophysics, Supernovae},
     year = 2012,
    month = jul,
   volume = 86,
   number = 2,
      eid = {024026},
    pages = {024026},
      doi = {10.1103/PhysRevD.86.024026},
   adsurl = {http://adsabs.harvard.edu/abs/2012PhRvD..86b4026O},
  adsnote = {Provided by the SAO/NASA Astrophysics Data System}
}

@ARTICLE{2012CQGra..29k5001L,
   author = {{L{\"o}ffler}, F. and {Faber}, J. and {Bentivegna}, E. and {Bode}, T. and 
	{Diener}, P. and {Haas}, R. and {Hinder}, I. and {Mundim}, B.~C. and 
	{Ott}, C.~D. and {Schnetter}, E. and {Allen}, G. and {Campanelli}, M. and 
	{Laguna}, P.},
    title = "{The Einstein Toolkit: a community computational infrastructure for relativistic astrophysics}",
  journal = {Classical and Quantum Gravity},
archivePrefix = "arXiv",
   eprint = {1111.3344},
 primaryClass = "gr-qc",
     year = 2012,
    month = jun,
   volume = 29,
   number = 11,
    pages = {115001},
      doi = {10.1088/0264-9381/29/11/115001},
   adsurl = {http://adsabs.harvard.edu/abs/2012CQGra..29k5001L},
  adsnote = {Provided by the SAO/NASA Astrophysics Data System}
}

@ARTICLE{2012ApJ...749..117H,
   author = {{Haas}, R. and {Shcherbakov}, R.~V. and {Bode}, T. and {Laguna}, P.
	},
    title = "{Tidal Disruptions of White Dwarfs from Ultra-close Encounters with Intermediate-mass Spinning Black Holes}",
  journal = {\apj},
archivePrefix = "arXiv",
   eprint = {1201.4389},
 primaryClass = "astro-ph.HE",
 keywords = {accretion, accretion disks, black hole physics, gravitational waves, hydrodynamics, relativistic processes, shock waves, X-rays: bursts},
     year = 2012,
    month = apr,
   volume = 749,
      eid = {117},
    pages = {117},
      doi = {10.1088/0004-637X/749/2/117},
   adsurl = {http://adsabs.harvard.edu/abs/2012ApJ...749..117H},
  adsnote = {Provided by the SAO/NASA Astrophysics Data System}
}

@ARTICLE{2012ApJ...744...45B,
   author = {{Bode}, T. and {Bogdanovi{\'c}}, T. and {Haas}, R. and {Healy}, J. and 
	{Laguna}, P. and {Shoemaker}, D.},
    title = "{Mergers of Supermassive Black Holes in Astrophysical Environments}",
  journal = {\apj},
archivePrefix = "arXiv",
   eprint = {1101.4684},
 primaryClass = "gr-qc",
 keywords = {accretion, accretion disks, black hole physics, gravitational waves},
     year = 2012,
    month = jan,
   volume = 744,
      eid = {45},
    pages = {45},
      doi = {10.1088/0004-637X/744/1/45},
   adsurl = {http://adsabs.harvard.edu/abs/2012ApJ...744...45B},
  adsnote = {Provided by the SAO/NASA Astrophysics Data System}
}

@ARTICLE{2011arXiv1112.3928H,
   author = {{Healy}, J. and {Bode}, T. and {Haas}, R. and {Pazos}, E. and 
	{Laguna}, P. and {Shoemaker}, D.~M. and {Yunes}, N.},
    title = "{Late Inspiral and Merger of Binary Black Holes in Scalar-Tensor Theories of Gravity}",
  journal = {ArXiv e-prints},
archivePrefix = "arXiv",
   eprint = {1112.3928},
 primaryClass = "gr-qc",
 keywords = {General Relativity and Quantum Cosmology, Astrophysics - Cosmology and Extragalactic Astrophysics, High Energy Physics - Phenomenology},
     year = 2011,
    month = dec,
   adsurl = {http://adsabs.harvard.edu/abs/2011arXiv1112.3928H},
  adsnote = {Provided by the SAO/NASA Astrophysics Data System}
}

@ARTICLE{2011arXiv1112.3707H,
   author = {{Haas}, R.},
    title = "{Time domain calculation of the electromagnetic self-force on eccentric geodesics in Schwarzschild spacetime}",
  journal = {ArXiv e-prints},
archivePrefix = "arXiv",
   eprint = {1112.3707},
 primaryClass = "gr-qc",
 keywords = {General Relativity and Quantum Cosmology},
     year = 2011,
    month = dec,
   adsurl = {http://adsabs.harvard.edu/abs/2011arXiv1112.3707H},
  adsnote = {Provided by the SAO/NASA Astrophysics Data System}
}

@ARTICLE{2011CQGra..28i4020B,
   author = {{Bogdanovi{\'c}}, T. and {Bode}, T. and {Haas}, R. and {Laguna}, P. and 
	{Shoemaker}, D.},
    title = "{Properties of accretion flows around coalescing supermassive black holes}",
  journal = {Classical and Quantum Gravity},
archivePrefix = "arXiv",
   eprint = {1010.2496},
 primaryClass = "astro-ph.CO",
     year = 2011,
    month = may,
   volume = 28,
   number = 9,
    pages = {094020},
      doi = {10.1088/0264-9381/28/9/094020},
   adsurl = {http://adsabs.harvard.edu/abs/2011CQGra..28i4020B},
  adsnote = {Provided by the SAO/NASA Astrophysics Data System}
}

@ARTICLE{2010ApJ...715.1117B,
   author = {{Bode}, T. and {Haas}, R. and {Bogdanovi{\'c}}, T. and {Laguna}, P. and 
	{Shoemaker}, D.},
    title = "{Relativistic Mergers of Supermassive Black Holes and Their Electromagnetic Signatures}",
  journal = {\apj},
archivePrefix = "arXiv",
   eprint = {0912.0087},
 primaryClass = "gr-qc",
 keywords = {black hole physics, galaxies: nuclei, gravitational waves},
     year = 2010,
    month = jun,
   volume = 715,
    pages = {1117-1131},
      doi = {10.1088/0004-637X/715/2/1117},
   adsurl = {http://adsabs.harvard.edu/abs/2010ApJ...715.1117B},
  adsnote = {Provided by the SAO/NASA Astrophysics Data System}
}

@ARTICLE{2007PhRvD..75l4011H,
   author = {{Haas}, R.},
    title = "{Scalar self-force on eccentric geodesics in Schwarzschild spacetime: A time-domain computation}",
  journal = {\prd},
archivePrefix = "arXiv",
   eprint = {0704.0797},
 primaryClass = "gr-qc",
 keywords = {Approximation methods; equations of motion, Self-gravitating systems; continuous media and classical fields in curved spacetime, Radiation by moving charges, Dynamics and kinematics of a particle and a system of particles},
     year = 2007,
    month = jun,
   volume = 75,
   number = 12,
      eid = {124011},
    pages = {124011},
      doi = {10.1103/PhysRevD.75.124011},
   adsurl = {http://adsabs.harvard.edu/abs/2007PhRvD..75l4011H},
  adsnote = {Provided by the SAO/NASA Astrophysics Data System}
}

@ARTICLE{2006PhRvD..74d4009H,
   author = {{Haas}, R. and {Poisson}, E.},
    title = "{Mode-sum regularization of the scalar self-force: Formulation in terms of a tetrad decomposition of the singular field}",
  journal = {\prd},
   eprint = {arXiv:gr-qc/0605077},
 keywords = {Approximation methods; equations of motion, Self-gravitating systems; continuous media and classical fields in curved spacetime, Radiation by moving charges, Dynamics and kinematics of a particle and a system of particles},
     year = 2006,
    month = aug,
   volume = 74,
   number = 4,
      eid = {044009},
    pages = {044009},
      doi = {10.1103/PhysRevD.74.044009},
   adsurl = {http://adsabs.harvard.edu/abs/2006PhRvD..74d4009H},
  adsnote = {Provided by the SAO/NASA Astrophysics Data System}
}

@ARTICLE{2005CQGra..22S.739H,
   author = {{Haas}, R. and {Poisson}, E.},
    title = "{Mass change and motion of a scalar charge in cosmological spacetimes}",
  journal = {Classical and Quantum Gravity},
   eprint = {arXiv:gr-qc/0411108},
     year = 2005,
    month = aug,
   volume = 22,
    pages = {739},
      doi = {10.1088/0264-9381/22/15/008},
   adsurl = {http://adsabs.harvard.edu/abs/2005CQGra..22S.739H},
  adsnote = {Provided by the SAO/NASA Astrophysics Data System}
}

@ARTICLE{2013arXiv1307.5307T,
   author = {{The NRAR Collaboration} and {Hinder}, I. and {Buonanno}, A. and 
	{Boyle}, M. and {Etienne}, Z.~B. and {Healy}, J. and {Johnson-McDaniel}, N.~K. and 
	{Nagar}, A. and {Nakano}, H. and {Pan}, Y. and {Pfeiffer}, H.~P. and 
	{P{\"u}rrer}, M. and {Reisswig}, C. and {Scheel}, M.~A. and 
	{Schnetter}, E. and {Sperhake}, U. and {Szil{\'a}gyi}, B. and 
	{Tichy}, W. and {Wardell}, B. and {Zenginoglu}, A. and {Alic}, D. and 
	{Bernuzzi}, S. and {Bode}, T. and {Br{\"u}gmann}, B. and {Buchman}, L.~T. and 
	{Campanelli}, M. and {Chu}, T. and {Damour}, T. and {Grigsby}, J.~D. and 
	{Hannam}, M. and {Haas}, R. and {Hemberger}, D.~A. and {Husa}, S. and 
	{Kidder}, L.~E. and {Laguna}, P. and {London}, L. and {Lovelace}, G. and 
	{Lousto}, C.~O. and {Marronetti}, P. and {Matzner}, R.~A. and 
	{M{\"o}sta}, P. and {Mrou{\'e}}, A. and {M{\"u}ller}, D. and 
	{Mundim}, B.~C. and {Nerozzi}, A. and {Paschalidis}, V. and 
	{Pollney}, D. and {Reifenberger}, G. and {Rezzolla}, L. and 
	{Shapiro}, S.~L. and {Shoemaker}, D. and {Taracchini}, A. and 
	{Taylor}, N.~W. and {Teukolsky}, S.~A. and {Thierfelder}, M. and 
	{Witek}, H. and {Zlochower}, Y.},
    title = "{Error-analysis and comparison to analytical models of numerical waveforms produced by the NRAR Collaboration}",
  journal = {ArXiv e-prints},
archivePrefix = "arXiv",
   eprint = {1307.5307},
 primaryClass = "gr-qc",
 keywords = {General Relativity and Quantum Cosmology},
     year = 2013,
    month = jul,
   adsurl = {http://adsabs.harvard.edu/abs/2013arXiv1307.5307T},
  adsnote = {Provided by the SAO/NASA Astrophysics Data System}
}

@ARTICLE{Haas:nsns,
      author         = {Roland Haas and Bela Szilagyi and Kaplan, Jeffrey D.
          and Jonas Lippuner and Christian D. Ott},
      title          = "{Influence of the equation of state on NSNS merger
          signals}",
      note           = "In preparation",
}

